<record xmlns:xsi="http://www.w3.org/2001/XMLSchema-instance" xmlns="http://www.loc.gov/MARC21/slim" xsi:schemaLocation="http://www.loc.gov/MARC21/slim http://www.loc.gov/standards/marcxml/schema/MARC21slim.xsd">

  <leader>00742nam a22001817a 4500</leader>
  <controlfield tag="008">160718b2016    cr ||||| |||| 00| | spa d</controlfield>
  <datafield tag="090" ind1=" " ind2=" ">
    <subfield code="a">14.02.04</subfield>
    <subfield code="b">2342</subfield>
  </datafield>
  <datafield tag="100" ind2=" " ind1="1">
    <subfield code="9">1099</subfield>
    <subfield code="a">Camacho Brown, Lolita </subfield>
  </datafield>
  <datafield tag="245" ind2="0" ind1="1">
    <subfield code="a">Familia cabécar: estructura y funcionalidad, su incidencia en la promoción de la participación familiar en las escuelas cabécares de Chirripó / </subfield>
    <subfield code="c">Camacho Brown Lolita, Watson Soto, Hannia</subfield>
  </datafield>
  <datafield tag="260" ind1=" " ind2=" ">
    <subfield code="a">[San José, Costa Rica] :</subfield>
    <subfield code="b">INIE,</subfield>
    <subfield code="c">2016</subfield>
  </datafield>
  <datafield ind1=" " ind2=" " tag="300">
    <subfield code="a">1 volumen sin paginar</subfield>
  </datafield>
  <datafield ind2=" " ind1=" " tag="500">
    <subfield code="a">Informe final Proyecto de investigación Nº 724-B4-315</subfield>
  </datafield>
  <datafield tag="650" ind2="4" ind1="1">
    <subfield code="9">404</subfield>
    <subfield code="a">FAMILIA</subfield>
  </datafield>
  <datafield ind1="1" ind2="4" tag="650">
    <subfield code="9">1100</subfield>
    <subfield code="a">EDUCACIÓN INDÍGENA</subfield>
  </datafield>
  <datafield tag="650" ind1="1" ind2="4">
    <subfield code="9">1553</subfield>
    <subfield code="a">PARTICIPACIÓN DE LOS PADRES</subfield>
  </datafield>
  <datafield tag="650" ind1="1" ind2="4">
    <subfield code="9">1101</subfield>
    <subfield code="a">COMUNIDAD CABÉCAR</subfield>
  </datafield>
  <datafield tag="942" ind1=" " ind2=" ">
    <subfield code="2">z</subfield>
    <subfield code="c">04</subfield>
  </datafield>
  <datafield tag="999" ind1=" " ind2=" ">
    <subfield code="c">3275</subfield>
    <subfield code="d">3275</subfield>
  </datafield>
</record>